%% This BibTeX bibliography file was created using BibDesk.
%% http://bibdesk.sourceforge.net/


%% Created for Udo at 2016-09-13 13:38:53 +0200 


%% Saved with string encoding Unicode (UTF-8) 



@article{clune2011,
	Author = {Clune, Jeff and Stanley, Kenneth O and Pennock, Robert T and Ofria, Charles},
	Date-Added = {2016-08-12 17:33:49 +0000},
	Date-Modified = {2016-08-12 17:34:03 +0000},
	Journal = {IEEE Transactions on Evolutionary Computation},
	Number = {3},
	Pages = {346--367},
	Publisher = {IEEE},
	Title = {On the performance of indirect encoding across the continuum of regularity},
	Volume = {15},
	Year = {2011}}

@url{neatuserspage,
	Author = {Stanley, Kenneth},
	Date-Added = {2016-08-12 17:29:26 +0000},
	Date-Modified = {2016-08-12 17:51:09 +0000},
	Lastchecked = {11.08.2016},
	Title = {NEAT Users Page},
	Url = {http://eplex.cs.ucf.edu/hyperNEATpage/HyperNEAT.html},
	Urldate = {11.08.2016},
	Bdsk-Url-1 = {http://www.cs.ucf.edu/%E2%88%BCkstanley/neat.%20html}}

@url{multineat,
	Author = {Chervenski, Peter and Ryan, Shane},
	Date-Added = {2016-08-12 17:24:03 +0000},
	Date-Modified = {2016-08-12 17:30:44 +0000},
	Title = {MultiNEAT},
	Url = {http://www.multineat.com/index.html},
	Urldate = {12.08.2016},
	Bdsk-Url-1 = {http://www.cs.ucf.edu/%E2%88%BCkstanley/neat.%20html}}

@url{hyperneatuserspage,
	Author = {Stanley, Kenneth O},
	Date-Added = {2016-08-12 17:21:36 +0000},
	Date-Modified = {2016-08-12 17:25:11 +0000},
	Title = {HyperNEAT Users Page},
	Url = {http://eplex.cs.ucf.edu/ hyperNEATpage/HyperNEAT.html},
	Urldate = {12.08.2016},
	Bdsk-Url-1 = {http://eplex.cs.ucf.edu/%20hyperNEATpage/HyperNEAT.html}}

@inproceedings{gazebo2004,
	Author = {N. Koenig and A. Howard},
	Booktitle = {Intelligent Robots and Systems, 2004. (IROS 2004). Proceedings. 2004 IEEE/RSJ International Conference on},
	Date-Added = {2016-08-12 17:20:36 +0000},
	Date-Modified = {2016-08-12 17:24:31 +0000},
	Doi = {10.1109/IROS.2004.1389727},
	Keywords = {application program interfaces;control engineering computing;digital simulation;mobile robots;multi-robot systems;Gazebo;Player project;Stage project;grained control;mobile robots;open-source multi-robot simulator;Computational modeling;Educational robots;Friction;Mobile robots;Open source software;Packaging;Robot sensing systems;Service robots;Testing;Vehicle dynamics},
	Month = {Sept},
	Pages = {2149-2154 vol.3},
	Rating = {5},
	Title = {Design and use paradigms for Gazebo, an open-source multi-robot simulator},
	Volume = {3},
	Year = {2004},
	Bdsk-Url-1 = {http://dx.doi.org/10.1109/IROS.2004.1389727}}

@article{stanley2007,
	Author = {Stanley, Kenneth O},
	Date-Added = {2016-08-10 11:47:54 +0000},
	Date-Modified = {2016-08-12 17:36:12 +0000},
	Journal = {Genetic programming and evolvable machines},
	Number = {2},
	Pages = {131--162},
	Publisher = {Springer},
	Title = {Compositional pattern producing networks: A novel abstraction of development},
	Volume = {8},
	Year = {2007}}

@article{stanley2002,
	Author = {Stanley, Kenneth O and Miikkulainen, Risto},
	Date-Added = {2016-08-10 11:31:11 +0000},
	Date-Modified = {2016-08-12 17:35:59 +0000},
	Journal = {Evolutionary computation},
	Number = {2},
	Pages = {99--127},
	Publisher = {MIT Press},
	Title = {Evolving neural networks through augmenting topologies},
	Volume = {10},
	Year = {2002}}

@article{stanley2009,
	Author = {Stanley, Kenneth O and D'Ambrosio, David B and Gauci, Jason},
	Date-Added = {2016-08-10 11:30:08 +0000},
	Date-Modified = {2016-08-12 17:36:24 +0000},
	Journal = {Artificial life},
	Number = {2},
	Pages = {185--212},
	Publisher = {MIT Press},
	Title = {A hypercube-based encoding for evolving large-scale neural networks},
	Volume = {15},
	Year = {2009}}

@inproceedings{lee2013,
	Author = {Lee, Suchan and Yosinski, Jason and Glette, Kyrre and Lipson, Hod and Clune, Jeff},
	Booktitle = {European Conference on the Applications of Evolutionary Computation},
	Date-Added = {2016-08-10 11:28:48 +0000},
	Date-Modified = {2016-08-12 17:34:14 +0000},
	Organization = {Springer},
	Pages = {540--549},
	Title = {Evolving gaits for physical robots with the hyperneat generative encoding: The benefits of simulation},
	Year = {2013}}

@inproceedings{yosinski2011,
	Author = {Yosinski, Jason and Clune, Jeff and Hidalgo, Diana and Nguyen, Sarah and Zagal, Juan and Lipson, Hod},
	Booktitle = {Proceedings of the 20th European Conference on Artificial Life},
	Date-Added = {2016-08-10 11:27:08 +0000},
	Date-Modified = {2016-08-12 17:35:19 +0000},
	Organization = {Citeseer},
	Pages = {890--897},
	Title = {Evolving robot gaits in hardware: the HyperNEAT generative encoding vs. parameter optimization},
	Year = {2011},
	Bdsk-File-1 = {YnBsaXN0MDDUAQIDBAUGJCVYJHZlcnNpb25YJG9iamVjdHNZJGFyY2hpdmVyVCR0b3ASAAGGoKgHCBMUFRYaIVUkbnVsbNMJCgsMDxJXTlMua2V5c1pOUy5vYmplY3RzViRjbGFzc6INDoACgAOiEBGABIAFgAdccmVsYXRpdmVQYXRoWWFsaWFzRGF0YV8QXi4uLy4uLy4uLy4uL2dvb2dsZURyaXZlL2luZm9ybWF0aWtfdHVtL25ldXJvcm9ib3RpY3NMYWIvcGFwZXJzLzFZb3NpbnNraTIwMTFFdm9sdmVkR2FpdHMtMS5wZGbSFwsYGVdOUy5kYXRhTxECIgAAAAACIgACAAAMTWFjaW50b3NoIEhEAAAAAAAAAAAAAAAAAAAAzWUY6kgrAAAETuzbHzFZb3NpbnNraTIwMTFFdm9sdmVkR2FpdHMtMS5wZGYAAAAAAAAAAAAAAAAAAAAAAAAAAAAAAAAAAAAAAAAAAATJSiDToAdJAAAAAAAAAAAABAAFAAAJIAAAAAAAAAAAAAAAAAAAAAZwYXBlcnMAEAAIAADNZQraAAAAEQAIAADTn+spAAAAAQAYBE7s2wRN+h0DElbmAAavqgAFxHAAAhDpAAIAc01hY2ludG9zaCBIRDpVc2VyczoAdWRvZGVobToAZ29vZ2xlRHJpdmU6AGluZm9ybWF0aWtfdHVtOgBuZXVyb3JvYm90aWNzTGFiOgBwYXBlcnM6ADFZb3NpbnNraTIwMTFFdm9sdmVkR2FpdHMtMS5wZGYAAA4AQAAfADEAWQBvAHMAaQBuAHMAawBpADIAMAAxADEARQB2AG8AbAB2AGUAZABHAGEAaQB0AHMALQAxAC4AcABkAGYADwAaAAwATQBhAGMAaQBuAHQAbwBzAGgAIABIAEQAEgBgVXNlcnMvdWRvZGVobS9nb29nbGVEcml2ZS9pbmZvcm1hdGlrX3R1bS9uZXVyb3JvYm90aWNzTGFiL3BhcGVycy8xWW9zaW5za2kyMDExRXZvbHZlZEdhaXRzLTEucGRmABMAAS8AABUAAgAO//8AAIAG0hscHR5aJGNsYXNzbmFtZVgkY2xhc3Nlc11OU011dGFibGVEYXRhox0fIFZOU0RhdGFYTlNPYmplY3TSGxwiI1xOU0RpY3Rpb25hcnmiIiBfEA9OU0tleWVkQXJjaGl2ZXLRJidUcm9vdIABAAgAEQAaACMALQAyADcAQABGAE0AVQBgAGcAagBsAG4AcQBzAHUAdwCEAI4A7wD0APwDIgMkAykDNAM9A0sDTwNWA18DZANxA3QDhgOJA44AAAAAAAACAQAAAAAAAAAoAAAAAAAAAAAAAAAAAAADkA==}}
