%% This BibTeX bibliography file was created using BibDesk.
%% http://bibdesk.sourceforge.net/


%% Created for Udo at 2016-09-13 13:38:53 +0200 


%% Saved with string encoding Unicode (UTF-8) 


@article{hartley1928transmission,
  title={Transmission of information},
  author={Hartley, Ralph VL},
  journal={Bell Labs Technical Journal},
  volume={7},
  number={3},
  pages={535--563},
  year={1928},
  publisher={Wiley Online Library}
}

@book{sklar2001digital,
  title={Digital communications},
  author={Sklar, Bernard},
  volume={2},
  year={2001},
  publisher={Prentice Hall Upper Saddle River}
}

@article{friis1946note,
  title={A note on a simple transmission formula},
  author={Friis, Harald T},
  journal={Proceedings of the IRE},
  volume={34},
  number={5},
  pages={254--256},
  year={1946},
  publisher={IEEE}
}

@article{nyquist1928thermal,
  title={Thermal agitation of electric charge in conductors},
  author={Nyquist, Harry},
  journal={Physical review},
  volume={32},
  number={1},
  pages={110},
  year={1928},
  publisher={APS}
}

@article{seidel1991path,
  title={Path loss, scattering and multipath delay statistics in four European cities for digital cellular and microcellular radiotelephone},
  author={Seidel, Scott Y and Rappaport, Theodore S and Jain, Sanjiv and Lord, Micheal L and Singh, Rajendra},
  journal={IEEE Transactions on Vehicular Technology},
  volume={40},
  number={4},
  pages={721--730},
  year={1991},
  publisher={IEEE}
}

@article{sun2017novel,
  title={A novel millimeter-wave channel simulator and applications for 5G wireless communications},
  author={Sun, Shu and MacCartney Jr, George R and Rappaport, Theodore S},
  journal={arXiv preprint arXiv:1703.08232},
  year={2017}
}

@techreport{weissberger1982initial,
  title={An initial critical summary of models for predicting the attenuation of radio waves by trees},
  author={Weissberger, Mark A},
  year={1982},
  institution={Electromagnetic Compatibility Analysis Center Annapolis MD}
}

@inproceedings{liebe1993propagation,
  title={Propagation modeling of moist air and suspended water/ice particles at frequencies below 1000 GHz},
  author={Liebe, HJ and Hufford, GA and Cotton, MG},
  booktitle={In AGARD, Atmospheric Propagation Effects Through Natural and Man-Made Obscurants for Visible to MM-Wave Radiation 11 p (SEE N94-30495 08-32)},
  year={1993}
}

@book{itu838-3,
    title={Specific attenuation model for rain for use in prediction methods},
    author={International Telecommunications Union},
    year={2005},
    publisher={International Telecommunications Union}
}


@book{tse2005fundamentals,
  title={Fundamentals of wireless communication},
  author={Tse, David and Viswanath, Pramod},
  year={2005},
  publisher={Cambridge university press}
}

@book{matlab-rf,
    title={Modeling the Propagation of RF Signals},
    author={Matlab},
    year={2017},
    publisher={MathWorks},
    url={https://de.mathworks.com/help/phased/examples/modeling-the-propagation-of-rf-signals.html}
}


